<?xml version="1.0" encoding="UTF-8"?><collection xmlns="http://www.loc.gov/MARC21/slim"><record><leader>00620nam--2200181-u-4500</leader><controlfield tag="001">000055787</controlfield><controlfield tag="002">20161230</controlfield><controlfield tag="005">20161230201052</controlfield><controlfield tag="008">130418s1000------------r-----000-0-rum-d</controlfield><datafield ind1=" " ind2=" " tag="040"><subfield code="a">IFIN-HH</subfield></datafield><datafield ind1=" " ind2=" " tag="041"><subfield code="a">rum</subfield></datafield><datafield ind1="1" ind2=" " tag="100"><subfield code="a">Ducu, Marian Catalin</subfield></datafield><datafield ind1="1" ind2="0" tag="245"><subfield code="a">Studii prin difractie cu radiatii x si tehnici complementare a filmelor subtiri si straturilor superficiale cu aplicatii in tehnologii avansate</subfield><subfield code="b">Teza</subfield><subfield code="c">Marian catalin ducu</subfield></datafield><datafield ind1=" " ind2=" " tag="260"><subfield code="a">Bucuresti</subfield><subfield code="b">Universitatea</subfield><subfield code="c">2013</subfield></datafield><datafield ind1=" " ind2=" " tag="300"><subfield code="a">163P</subfield></datafield><datafield ind1=" " ind2=" " tag="502"><subfield code="a">Conducator Stiintific: Prof.Dr. Ion N. Mihailescu</subfield></datafield><datafield ind1=" " ind2=" " tag="852"><subfield code="a">82358</subfield><subfield code="c">537.531</subfield></datafield><datafield ind1=" " ind2=" " tag="CAT"><subfield code="a">Sys</subfield><subfield code="c">20130603</subfield><subfield code="h">163034</subfield></datafield></record></collection>